\textit{•}
@inproceedings{Schneider:2013,
 author = {Schneider, Vitali and German, Reinhard},
 title = {Integration of test-driven agile simulation approach in service-oriented tool environment},
 booktitle = {Proceedings of the 46th Annual Simulation Symposium},
 series = {ANSS 13},
 year = {2013},
 isbn = {978-1-62748-030-7},
 location = {San Diego, California},
 pages = {11:1--11:7},
 articleno = {11},
 numpages = {7},
 url = {http://dl.acm.org.ezproxy.morris.umn.edu/citation.cfm?id=2499604.2499615},
 acmid = {2499615},
 publisher = {Society for Computer Simulation International},
 address = {San Diego, CA, USA},
 keywords = {service-oriented computing and simulation, simulation tools and environments, test-driven agile simulation, verification and validation},
note = {\emph{ Validity: mediocre. This is a promising article that is very recent.  This article I foresee as the best for seeing where agile testing may go in the future.  I am concerned how relevant the focus of the article may be to my paper so until I read it I am not sure what the role of this article will be.}}
}

@inproceedings{Janzen:2007,
 author = {Janzen, David S. and Saiedian, Hossein},
 title = {A Leveled Examination of Test-Driven Development Acceptance},
 booktitle = {Proceedings of the 29th international conference on Software Engineering},
 series = {ICSE '07},
 year = {2007},
 isbn = {0-7695-2828-7},
 pages = {719--722},
 numpages = {4},
 url = {http://dx.doi.org.ezproxy.morris.umn.edu/10.1109/ICSE.2007.8},
 doi = {10.1109/ICSE.2007.8},
 acmid = {1248902},
 publisher = {IEEE Computer Society},
 address = {Washington, DC, USA},
} 
}
}

@inproceedings{Kollanus:2010,
 author = {Kollanus, Sami},
 title = {Test-Driven Development - Still a Promising Approach?},
 booktitle = {Proceedings of the 2010 Seventh International Conference on the Quality of Information and Communications Technology},
 series = {QUATIC '10},
 year = {2010},
 isbn = {978-0-7695-4241-6},
 pages = {403--408},
 numpages = {6},
 url = {http://ieeexplore.ieee.org.ezproxy.morris.umn.edu/stamp/stamp.jsp?tp=&arnumber=5655657},
 doi = {10.1109/QUATIC.2010.73},
 acmid = {1920006},
 publisher = {IEEE Computer Society},
 address = {Washington, DC, USA},
 }
}

@inproceedings{Hellman:2012,
 author = {Hellmann, T.D and Sharma, A and Ferreira, J and Maurer, F},
 title = {Agile Testing: Past, Present, and Future -- Charting a Systematic Map of Testing in Agile Software Development},
 booktitle = {Agile Conference 2012},
 series = {AGILE 13},
 year = {2012},
 isbn = {978-1-4673-2622-3},
 location = {Dallas, TX},
 pages = {55 - 63},
 numpages = {9},
 url = {http://ieeexplore.ieee.org.ezproxy.morris.umn.edu/xpl/articleDetails.jsp?tp=&arnumber=6298092&ranges%3D2009_2013_p_Publication_Year%26queryText%3Dagile+test},
note = {\emph{Validity: Good. This article I think will be a useful summary article on agile testing.  This article would make a useful background article.  University may not be able to access this article, in that case this article will be ignored.
}}
}

@inproceedings{Lemos:2012,
 author = {Lemos, Ot\'{a}vio Augusto Lazzarini and Ferrari, Fabiano Cutigi and Silveira, F\'{a}bio Fagundes and Garcia, Alessandro},
 title = {Development of auxiliary functions: should you be agile? an empirical assessment of pair programming and test-first programming},
 booktitle = {Proceedings of the 2012 International Conference on Software Engineering},
 series = {ICSE 2012},
 year = {2012},
 isbn = {978-1-4673-1067-3},
 location = {Zurich, Switzerland},
 pages = {529--539},
 numpages = {11},
 url = {http://dl.acm.org.ezproxy.morris.umn.edu/citation.cfm?id=2337223.2337285},
 acmid = {2337285},
 publisher = {IEEE Press},
 address = {Piscataway, NJGood/Questionable, USA},
 note = {\emph{Validity: Very Good. This article seems useful as it is a modern research paper on the effectiveness of agile testing practices.  That being said one of the main downsides of this article is that it splits its attention between TDD and Pair programming which is concerning.}}
}

@inproceedings{Hammond:2012,
 author = {Hammond, Susan and Umphress, David},
 title = {Test driven development: the state of the practice},
 booktitle = {Proceedings of the 50th Annual Southeast Regional Conference},
 series = {ACM-SE '12},
 year = {2012},
 isbn = {978-1-4503-1203-5},
 location = {Tuscaloosa, Alabama},
 pages = {158--163},
 numpages = {6},
 url = {http://doi.acm.org.ezproxy.morris.umn.edu/10.1145/2184512.2184550},
 doi = {10.1145/2184512.2184550},
 acmid = {2184550},
 publisher = {ACM},
 address = {New York, NY, USA},
 keywords = {agile software development, test-driven development},
 note = {\emph{Validity: Good. This short article seems useful on getting the current scoop on Agile testing.  I do not think that it will be a main paper unless it is very dense or relevant but I think it would serve well as a support or background paper.}}
}

@inproceedings{Soeken:2012,
 author = {Soeken, Mathias and Wille, Robert and Drechsler, Rolf},
 title = {Assisted behavior driven development using natural language processing},
 booktitle = {Proceedings of the 50th international conference on Objects, Models, Components, Patterns},
 series = {TOOLS'12},
 year = {2012},
 isbn = {978-3-642-30560-3},
 location = {Prague, Czech Republic},
 pages = {269--287},
 numpages = {19},
 url = {http://dx.doi.org.ezproxy.morris.umn.edu/10.1007/978-3-642-30561-0_19},
 doi = {10.1007/978-3-642-30561-0_19},
 acmid = {2367007},
 publisher = {Springer-Verlag},
 address = {Berlin, Heidelberg},
 note = {\emph{Validity: Good/Questionable.  If I use this article it will be important to analyze it for credibility.  This article focuses on english language like BDD testing and the advantages of that.  Can be linked to agile testing principles through customer developer interactions.  Worried how well this paper will merge with others if it becomes a core paper.}}
} 

@inproceedings{Kettunen:2010,
 author = {Kettunen, Vesa and Kasurinen, Jussi and Taipale, Ossi and Smolander, Kari},
 title = {A study on agility and testing processes in software organizations},
 booktitle = {PGood/Questionableroceedings of the 19th international symposium on Software testing and analysis},
 series = {ISSTA '10},
 year = {2010},
 isbn = {978-1-60558-823-0},
 location = {Trento, Italy},
 pages = {231--240},
 numpages = {10},
 url = {http://doi.acm.org.ezproxy.morris.umn.edu/10.1145/1831708.1831737},
 doi = {10.1145/1831708.1831737},
 acmid = {1831737},
 publisher = {ACM},
 address = {New York, NY, USA},
 keywords = {agile development, case study, empirical study, test process},
  note = {\emph{Validity: Very Good.  This article seems very promising as its a recent paper that has research of the advantages of agile testing compared to conventional testing.  The writers seem very credible in the field.  This paper is likely to be a core paper unless its actually poorly written or doesn’t mesh well with other papers.}}
} 

@inproceedings{Sawyer:2009,
 author = {Sawyer, James T. and Brann, David M.},
 title = {How to test your models more effectively: applying agile and automated techniques to simulation testing},
 booktitle = {Winter Simulation Conference},
 series = {WSC '09},
 year = {2009},
 isbn = {978-1-4244-5771-7},
 location = {Austin, Texas},
 pages = {968--978},
 numpages = {11},
 url = {http://dl.acm.org.ezproxy.morris.umn.edu/citation.cfm?id=1995456.1995594},
 acmid = {1995594},
 publisher = {Winter Simulation Conference},
 note = {\emph{Validity: Mediocre.  This article I think would be useful due to how it covers actual goals and ideas agile testing in detail.  This article has a potential to be a core paper due to its potential ability to define the main topic.}}
}

@inproceedings{Bertolino:2007,
 author = {Bertolino, Antonia},
 title = {Software Testing Research: Achievements, Challenges, Dreams},
 booktitle = {2007 Future of Software Engineering},
 series = {FOSE '07},
 year = {2007},
 isbn = {0-7695-2829-5},
 pages = {85--103},
 numpages = {19},
 url = {http://dx.doi.org.ezproxy.morris.umn.edu/10.1109/FOSE.2007.25},
 doi = {10.1109/FOSE.2007.25},
 acmid = {1254712},
 publisher = {IEEE Computer Society},
 address = {Washington, DC, USA},
  note = {\emph{Validity: Very Good.  This seems like a good article to read on testing in general.  If this paper explores testing like I think it will, it may help set the tone of the entire paper and clarify important traits in testing.  I think this will be a key background paper}}
}

@article{Talby:2006,
 author = {Talby, David and Hazzan, Orit and Dubinsky, Yael and Keren, Arie},
 title = {Agile Software Testing in a Large-Scale Project},
 journal = {IEEE Softw.},
 issue_date = {July 2006},
 volume = {23},
 number = {4},
 month = jul,
 year = {2006},
 issn = {0740-7459},
 pages = {30--37},
 numpages = {8},
 url = {http://dx.doi.org.ezproxy.morris.umn.edu/10.1109/MS.2006.93},
 doi = {10.1109/MS.2006.93},
 acmid = {1159388},
 publisher = {IEEE Computer Society Press},
 address = {Los Alamitos, CA, USA},
 keywords = {debugging, measurement, process metrics, project management, project planning, software testing, software testing, debugging, test management, test design, measurement, process metrics, project management, project planning, test design, test management},
 note = {\emph{Validity: Good.  This article is in many ways a toss up when it comes to usefulness.  Its topic seems to be very relevant to my potential topic and the of a military installation would be heavily reliable. Unfortunately the age of the article is limiting.  This paper I think will become a backup core in case other papers seem devoid of usefulness.  For now though I think this article is going to benched due to its age.}}
}

@inproceedings{George:2003,
 author = {George, Boby and Williams, Laurie},
 title = {An initial investigation of test driven development in industry},
 booktitle = {Proceedings of the 2003 ACM symposium on Applied computing},
 series = {SAC '03},
 year = {2003},
 isbn = {1-58113-624-2},
 location = {Melbourne, Florida},
 pages = {1135--1139},
 numpages = {5},
 url = {http://doi.acm.org.ezproxy.morris.umn.edu/10.1145/952532.952753},
 doi = {10.1145/952532.952753},
 acmid = {952753},
 publisher = {ACM},
 address = {New York, NY, USA},
 keywords = {agile methodologies, extreme programming, software engineering, software experimentation, test driven development},
 note = {\emph{Validity: Very Good.  This article is a bit old but well cited and again provides more data of comparing agile testing to other standard testing techniques.  Due to this articles age I don’t think it will ever be a core source.  If it has any use i think it will be as a background mention.}}
} 